
@book{paganin,
	author = { Paganin, David},
	title = { Coherent x-ray optics},
	publisher = { Oxford University Press Oxford, New York },
	pages = { xii, 411 p. : },
	year = { 2006 },
	type = { Book },
	language = { English },
	subjects = { X-ray optics.; X-rays -- Diffraction. },
	life-dates = { 2006 -  },
}


