@article{rowland1882,
author = { Prof.   H.A.   Rowland },
title = {LXI. Preliminary notice of the results accomplished in the manufacture and theory of gratings for optical purposes},
journal = {The London, Edinburgh, and Dublin Philosophical Magazine and Journal of Science},
volume = {13},
number = {84},
pages = {469-474},
year  = {1882},
publisher = {Taylor & Francis},
doi = {10.1080/14786448208627217},

URL = { 
        https://doi.org/10.1080/14786448208627217
    
},
eprint = { 
        https://doi.org/10.1080/14786448208627217
    
}

}

@article{Johann1931,
    author = {Johann, H. H.},
    doi = {10.1007/BF01798121},
    issn = {1434-6001},
    journal = {Zeitschrift f{\"{u}}r Physik},
    mendeley-groups = {Historical X-ray optics},
    number = {3-4},
    pages = {185--206},
    title = {{Die Erzeugung lichtstarker R{\"{o}}ntgenspektren mit Hilfe von Konkavkristallen}},
    url = {http://link.springer.com/10.1007/BF01798121},
    volume = {\textbf{69}},
    year = {1931}
}

@article{Johansson1933,
    abstract = {Mit 21 Abbildungen. (Eingegangen am 1. Februar 1933.) 1. Es wird eine Methode beschrieben, die durch Biegung eines geeignet ge-schliffenen Kristalls genaue, selektive Fokussierung der RSntgenstrahlen er-m6glicht. 2. Der EinfluB verschiedener physikalischer Faktoren auf die Schiirfe der Spektrallinien wird diskutiert. 3. Der EinfluB der verschiedenen mSglichen Abweichungen yon der genauen Herstellung auf die fokalen Eigenschaften der Anordnung wird untersucht. 4. Die Eigenschaften eines auf der Methode beruhenden Spel{\~{}}trometers werden auseinandergesetzt, unde in gebautes u spektrometer wird beschrieben. 5. Es wird fiber einige erreichte Resultate berichtet. Einleitung.},
    author = {Johansson, Tryggve},
    doi = {10.1007/BF01342254},
    file = {:Users/rafaelcelestre/Library/Application Support/Mendeley Desktop/Downloaded/Johansson - 1933 - {\"{U}}ber ein neuartiges, genau fokussierendes R{\"{o}}ntgenspektrometer - Erste Mitteilung.pdf:pdf},
    issn = {14346001},
    journal = {Zeitschrift f{\"{u}}r Physik},
    keywords = {Beam Physics,Hadrons,Heavy Ions,Nuclear Fusion,Nuclear Physics,Particle Acceleration and Detection},
    mendeley-groups = {Historical X-ray optics},
    number = {7-8},
    pages = {507--528},
    publisher = {Springer-Verlag},
    title = {{{\"{U}}ber ein neuartiges, genau fokussierendes R{\"{o}}ntgenspektrometer - Erste Mitteilung}},
    url = {https://link.springer.com/article/10.1007/BF01342254},
    volume = {\textbf{82}},
    year = {1933}
}

@article{V.Hamos1933,
    author = {v. H{\'{a}}mos, L.},
    doi = {10.1002/andp.19334090608},
    issn = {00033804},
    journal = {Annalen der Physik},
    mendeley-groups = {Historical X-ray optics},
    number = {6},
    pages = {716--724},
    publisher = {John Wiley {\&} Sons, Ltd},
    title = {{R{\"{o}}ntgenspektroskopie und Abbildung mittels gekr{\"{u}}mmter Kristallreflektoren. I. Geometrisch-optische Betrachtungen}},
    url = {http://doi.wiley.com/10.1002/andp.19334090608},
    volume = {\textbf{}409},
    year = {1933}
}

@article{cauchois1933,
	author = {{Cauchois, Y.}},
	title = {Spectrographie des rayons X par transmission d'un faisceau non canalis\'e \`a travers un cristal courb\'e - II.},
	DOI= "10.1051/jphysrad:019330040206100",
	url= "https://doi.org/10.1051/jphysrad:019330040206100",
	journal = {J. Phys. Radium},
	year = 1933,
	volume = 4,
	number = 2,
	pages = "61-72",
}

@article{Tolentino:ms0206,
author = "Tolentino, H. and Dartyge, E. and Fontaine, A. and Tourillon, G.",
title = "{X-ray absorption spectroscopy in the dispersive mode with synchrotron radiation: optical considerations}",
journal = "Journal of Applied Crystallography",
year = "1988",
volume = "21",
number = "1",
pages = "15--22",
month = "Feb",
doi = {10.1107/S0021889887008239},
url = {https://doi.org/10.1107/S0021889887008239},
}

@article{KB1948,
author = {Paul Kirkpatrick and A. V. Baez},
journal = {J. Opt. Soc. Am.},
keywords = {Focal points; Image quality; Optical surfaces; X ray diffraction; X ray imaging; X ray microscopy},
number = {9},
pages = {766--774},
publisher = {OSA},
title = {Formation of Optical Images by X-Rays},
volume = {38},
month = {Sep},
year = {1948},
url = {http://www.osapublishing.org/abstract.cfm?URI=josa-38-9-766},
doi = {10.1364/JOSA.38.000766},
}


@article{AfanasevKohn1977,
author = "Afanas’ev, A. M. and Kohn, V. G.",
title = "{}",
journal = "Fiz. Tverd. Tela (Leningrad)",
year = "1977",
volume = "19",
pages = "1775–1783",
}  

@article{Aristov1980,
author = "Aristov, V. V. and Polovinkina, V. I. and Afanas'ev, A. M. and Kohn, V. G.",
title = "{{\it Pendell{\"{o}}sung} fringes for X-ray spherical-wave diffraction in a perfect crystal}",
journal = "Acta Crystallographica Section A",
year = "1980",
volume = "36",
number = "6",
pages = "1002--1013",
month = "Nov",
doi = {10.1107/S0567739480002045},
url = {https://doi.org/10.1107/S0567739480002045},
}

@article{Aristov1978,
author = "Aristov, V.V. and Polovinkina,V.I. and Shmytko, I.M. and Shulakov, E.V.",
title = "{}",
journal = "JETP Lett.",
year = "1978",
volume = "28",
pages = "4-7",
}  

@article{GuigayFerrero2016,
author = "Guigay, J. P. and Ferrero, C.",
title = "{Dynamical focusing by bent, asymmetrically cut perfect crystals in Laue geometry}",
journal = "Acta Crystallographica Section A",
year = "2016",
volume = "72",
number = "4",
pages = "489--499",
month = "Jul",
doi = {10.1107/S2053273316006549},
url = {https://doi.org/10.1107/S2053273316006549},
keywords = {influence functions, dynamical focusing, bent perfect crystals, Laue asymmetric geometry},
}  

@article{GuigayFerrero2012,
author = "Guigay, J.-P. and Ferrero, C. and Bhattacharyya, D. and Mathon, O. and Pascarelli, S.",
title = "{Bent perfect crystals as X-ray focusing polychromators in symmetric Laue geometry}",
journal = "Acta Crystallographica Section A",
year = "2013",
volume = "69",
number = "1",
pages = "91--97",
month = "Jan",
doi = {10.1107/S0108767312044601},
url = {https://doi.org/10.1107/S0108767312044601},
keywords = {Laue geometry, bent crystals, dynamical diffraction theory, focusing polychromator},
}

@article{CK,
author = "Chukhovskii, F. N. and Krisch, M.",
title = "{The lens equation for Bragg diffraction optics. The general case of asymmetrical reflection}",
journal = "Journal of Applied Crystallography",
year = "1992",
volume = "25",
number = "2",
pages = "211--213",
month = "Apr",
doi = {10.1107/S0021889891012074},
url = {https://doi.org/10.1107/S0021889891012074},
}

@book{authierbook,
  title={Dynamical Theory of X-Ray Diffraction},
  author={Authier, A.},
  year={2003},
  publisher={Oxford University Press},
  url = {https://oxford.universitypressscholarship.com/view/10.1093/acprof:oso/9780198528920.001.0001/acprof-9780198528920},
}

@article{Honkanen2018,
author = "Honkanen, Ari-Pekka and Ferrero, Claudio and Guigay, Jean-Pierre and Mocella, Vito",
title = "{A finite-element approach to dynamical diffraction problems in reflection geometry}",
journal = "Journal of Applied Crystallography",
year = "2018",
volume = "51",
number = "2",
pages = "514--525",
month = "Apr",
doi = {10.1107/S1600576718001930},
url = {https://doi.org/10.1107/S1600576718001930},
}